<?xml version="1.0" encoding="UTF-8"?><collection xmlns="http://www.loc.gov/MARC21/slim"><record><leader>00474nam--2200145-i-4500</leader><controlfield tag="001">000003086</controlfield><controlfield tag="002">20161230</controlfield><controlfield tag="005">20170206235059</controlfield><controlfield tag="008">060222s1000------------r-----000-0-eng-d</controlfield><datafield ind1=" " ind2=" " tag="245"><subfield code="a">Description of a magnetic drum calculator by the staff of the computation laboratory</subfield></datafield><datafield ind1=" " ind2=" " tag="260"><subfield code="a">Cambridge, Massachusets</subfield><subfield code="b">Harvard Univ.Press</subfield></datafield><datafield ind1=" " ind2=" " tag="300"><subfield code="a">/XVI/+318 p.Cu Fig</subfield></datafield><datafield ind1=" " ind2=" " tag="490"><subfield code="a">Annals Of The Computation Laboratory Of Harvard Univ</subfield></datafield><datafield ind1=" " ind2=" " tag="852"><subfield code="a">621.3</subfield></datafield><datafield ind1=" " ind2=" " tag="CAT"><subfield code="a">SYS</subfield><subfield code="c">20170206</subfield><subfield code="h">235059</subfield></datafield></record></collection>